@incollection{bb,
	title={Cloud computing risk assessment: a systematic literature review},
	author={Latif, Rabia and Abbas, Haider and Assar, Sa{\"\i}d and Ali, Qasim},
	booktitle={Future information technology},
	pages={285--295},
	year={2014},
	publisher={Springer}
}
@article{ll,
  title={论计算学科方法论的作用及构建},
  author={ 郭玉刚 and 范辉},
  journal={山东工商学院学报},
  volume={18},
  number={3},
  pages={118--120},
  year={2004}
}
@book{cc,
	title={《 云桌面技术应用实践分析》},
	author={ 史致远,刘俊,李芳苑,史国栋},
	pages={5-8},
	year={2019},
	publisher={科学教育出版社}
}
@article{dd,
	title={云数据安全存储技术},
	author={冯朝胜 and 秦志光 and 袁丁 and others},
	journal={计算机学报},
	volume={38},
	number={1},
	pages={150--163},
	year={2015}
}
@article{ee,
	title={Security in cloud computing: Opportunities and challenges},
	author={Ali, Mazhar and Khan, Samee U and Vasilakos, Athanasios V},
	journal={Information sciences},
	volume={305},
	pages={357--383},
	year={2015},
	publisher={Elsevier}
}